<record><leader>00000cas a2200000 a 4500</leader><controlfield tag="001">11886168</controlfield><controlfield tag="008">850404d186u189uvaudn ne      0   a0eng c</controlfield><datafield ind1=" " ind2=" " tag="010"><subfield code="a">sn 85025715 </subfield></datafield><datafield ind1=" " ind2=" " tag="040"><subfield code="a">NPX</subfield><subfield code="b">eng</subfield><subfield code="c">NPX</subfield><subfield code="d">NPU</subfield><subfield code="d">DLC</subfield><subfield code="d">NYS</subfield><subfield code="d">MGN</subfield><subfield code="d">NVF</subfield><subfield code="d">NVK</subfield><subfield code="d">NVF</subfield><subfield code="d">DLC</subfield><subfield code="d">OCLCG</subfield><subfield code="d">DLC</subfield><subfield code="d">NVK</subfield><subfield code="d">OCLCQ</subfield><subfield code="d">OCLCF</subfield></datafield><datafield ind1=" " ind2=" " tag="012"><subfield code="l">a</subfield></datafield><datafield ind1="0" ind2=" " tag="022"><subfield code="a">2166-577X</subfield><subfield code="2">1</subfield></datafield><datafield ind1="1" ind2=" " tag="029"><subfield code="a">AU@</subfield><subfield code="b">000004322705</subfield></datafield><datafield ind1=" " ind2=" " tag="042"><subfield code="a">pcc</subfield><subfield code="a">nsdp</subfield></datafield><datafield ind1=" " ind2=" " tag="043"><subfield code="a">n-us-va</subfield></datafield><datafield ind1="0" ind2="0" tag="050"><subfield code="a">Newspaper</subfield></datafield><datafield ind1="1" ind2="0" tag="082"><subfield code="a">071</subfield><subfield code="2">14</subfield></datafield><datafield ind1="0" ind2=" " tag="130"><subfield code="a">Norfolk Virginian (Norfolk, Va. : Daily)</subfield></datafield><datafield ind1=" " ind2="4" tag="222"><subfield code="a">The Norfolk Virginian (Norfolk, Va. Daily)</subfield></datafield><datafield ind1="1" ind2="4" tag="245"><subfield code="a">The Norfolk Virginian.</subfield></datafield><datafield ind1="1" ind2="3" tag="246"><subfield code="a">Daily Norfolk Virginian</subfield></datafield><datafield ind1=" " ind2=" " tag="260"><subfield code="a">Norfolk, Va. :</subfield><subfield code="b">G.A. Sykes &amp; Co.</subfield></datafield><datafield ind1=" " ind2=" " tag="300"><subfield code="a">v.</subfield></datafield><datafield ind1=" " ind2=" " tag="310"><subfield code="a">Daily (except Monday),</subfield><subfield code="b">Feb. 22, 1874-&lt;Mar. 19, 1898&gt;</subfield></datafield><datafield ind1=" " ind2=" " tag="321"><subfield code="a">Daily (except Sunday),</subfield><subfield code="b">&lt;Dec. 16, 1865&gt;-Feb. 21, 1874</subfield></datafield><datafield ind1="1" ind2=" " tag="362"><subfield code="a">Began Nov. 1865? Ceased Mar. 1898?</subfield></datafield><datafield ind1=" " ind2=" " tag="500"><subfield code="a">Editors: James Barron Hope, 1865-1874 ; John Hampden Chamberlayne, 1874-1876.</subfield></datafield><datafield ind1=" " ind2=" " tag="500"><subfield code="a">Publisher varies: G.A. Sykes &amp; Co., 1865-&lt;Apr. 1866&gt; ; S. Hodges &amp; Co., &lt;Nov. 1866&gt;-Feb. 20, 1870 ; Glennan, Ruffin, and Co., Feb. 21, 1870-Dec. 15, 1872 ; Glennan &amp; Adkisson, Dec. 16, 1872-Mar. 24, 1876 ; M. Glennan, Mar. 25, 1876-</subfield></datafield><datafield ind1=" " ind2=" " tag="530"><subfield code="a">Also issued on microfilm from Microfilming Corporation of America, and Micro Photo Inc.</subfield></datafield><datafield ind1=" " ind2=" " tag="530"><subfield code="a">Archived issues are available in digital format as part of the Library of Congress Chronicling America online collection.</subfield></datafield><datafield ind1=" " ind2=" " tag="580"><subfield code="a">Weekly eds.: Weekly Virginian (Norfolk, Va. : 1871), 1871-&lt;&gt;, and: Norfolk Virginian (Norfolk, Va. : Weekly), &lt;1873&gt;-1877, and: Weekly Virginian (Norfolk, Va. : 1877), 1877-1886, and: Weekly Virginian and Carolinian, 1886-&lt;1898&gt;.</subfield></datafield><datafield ind1=" " ind2=" " tag="588"><subfield code="a">Description based on: Vol. 1, no. 2 (Nov. 22, 1865).</subfield></datafield><datafield ind1=" " ind2=" " tag="588"><subfield code="a">Latest issue consulted: Vol. 55, no. 101 (Mar. 19, 1898).</subfield></datafield><datafield ind1=" " ind2="0" tag="651"><subfield code="a">Norfolk (Va.)</subfield><subfield code="v">Newspapers.</subfield></datafield><datafield ind1=" " ind2="7" tag="655"><subfield code="a">Newspapers.</subfield><subfield code="2">fast</subfield><subfield code="0">(OCoLC)fst01423814</subfield></datafield><datafield ind1=" " ind2="7" tag="651"><subfield code="a">Virginia</subfield><subfield code="z">Norfolk.</subfield><subfield code="2">fast</subfield><subfield code="0">(OCoLC)fst01206844</subfield></datafield><datafield ind1="0" ind2=" " tag="700"><subfield code="a">J. B. H.</subfield><subfield code="q">(James Barron Hope),</subfield><subfield code="d">1829-1887.</subfield></datafield><datafield ind1="1" ind2=" " tag="700"><subfield code="a">Chamberlayne, John Hampden,</subfield><subfield code="d">1838-1882.</subfield></datafield><datafield ind1=" " ind2=" " tag="752"><subfield code="a">United States</subfield><subfield code="b">Virginia</subfield><subfield code="d">Norfolk.</subfield></datafield><datafield ind1="1" ind2=" " tag="775"><subfield code="t">Weekly Virginian (Norfolk, Va. : 1871)</subfield><subfield code="w">(DLC)sn 89071262</subfield><subfield code="w">(OCoLC)19689667</subfield></datafield><datafield ind1="1" ind2=" " tag="775"><subfield code="t">Norfolk Virginian (Norfolk, Va. : Weekly)</subfield><subfield code="w">(DLC)sn 85025738</subfield><subfield code="w">(OCoLC)11890528</subfield></datafield><datafield ind1="1" ind2=" " tag="775"><subfield code="t">Weekly Virginian (Norfolk, Va. : 1877)</subfield><subfield code="w">(DLC)sn 86071770</subfield><subfield code="w">(OCoLC)13991223</subfield></datafield><datafield ind1="1" ind2=" " tag="775"><subfield code="t">Weekly Virginian and Carolinian</subfield><subfield code="w">(DLC)sn 89071265</subfield><subfield code="w">(OCoLC)19689903</subfield></datafield><datafield ind1="0" ind2="7" tag="785"><subfield code="t">New daily pilot</subfield><subfield code="w">(DLC)sn 94059445</subfield><subfield code="w">(OCoLC)31476857</subfield></datafield><datafield ind1="0" ind2="7" tag="785"><subfield code="t">Virginian-pilot (Norfolk, Va. : 1898)</subfield><subfield code="w">(DLC)sn 86071779</subfield><subfield code="w">(OCoLC)13994281</subfield></datafield><datafield ind1="4" ind2="1" tag="856"><subfield code="u">http://www.loc.gov/chroniclingamerica/lccn/sn85025715/issues</subfield></datafield><datafield ind1="4" ind2="1" tag="856"><subfield code="u">http://www.virginiachronicle.com/</subfield></datafield></record>